@article{author2024,
  author    = {John Doe and Jane Smith},
  title     = {A Comprehensive Study on Control Systems},
  journal   = {IEEE Transactions on Automatic Control},
  year      = {2024},
  volume    = {69},
  number    = {5},
  pages     = {1234--1245},
  doi       = {10.1109/TAC.2024.1234567}
}