@book{ray1981advanced,
  title={Advanced process control},
  author={Ray, W. H.},
  year={1981},
  publisher={McGraw-Hill: New York, NY, USA}
}

@article{davison1976robust,
  title={The robust control of a servomechanism problem for linear time-invariant multivariable systems},
  author={Davison, Edward},
  journal={IEEE transactions on Automatic Control},
  volume={21},
  number={1},
  pages={25--34},
  year={1976},
  publisher={IEEE}
}



@article{moghadam2012infinite,
  title={Infinite-dimensional LQ optimal control of a dimethyl ether (DME) catalytic distillation column},
  author={Moghadam, Amir Alizadeh and Aksikas, Ilyasse and Dubljevic, Stevan and Forbes, J Fraser},
  journal={Journal of Process Control},
  volume={22},
  number={9},
  pages={1655--1669},
  year={2012},
  publisher={Elsevier}
}